<record><leader>00000cas a22000007a 4500</leader><controlfield tag="001">15536086</controlfield><controlfield tag="008">870415d1892190uinuwr ne      0    0eng d</controlfield><datafield ind1=" " ind2=" " tag="010"><subfield code="a">sn 87056088 </subfield></datafield><datafield ind1=" " ind2=" " tag="040"><subfield code="a">NPI</subfield><subfield code="b">eng</subfield><subfield code="c">NPI</subfield><subfield code="d">OCLCQ</subfield></datafield><datafield ind1=" " ind2=" " tag="042"><subfield code="a">msc</subfield></datafield><datafield ind1="0" ind2=" " tag="130"><subfield code="a">Richmond weekly item (Richmond, Ind.)</subfield></datafield><datafield ind1="1" ind2="0" tag="245"><subfield code="a">Richmond weekly item.</subfield></datafield><datafield ind1=" " ind2=" " tag="260"><subfield code="a">Richmond, Ind. :</subfield><subfield code="b">Johnson &amp; Crowder,</subfield><subfield code="c">1892-</subfield></datafield><datafield ind1=" " ind2=" " tag="310"><subfield code="a">Weekly</subfield></datafield><datafield ind1="0" ind2=" " tag="362"><subfield code="a">Vol. 1, no. 1 (May 14, 1892)-</subfield></datafield><datafield ind1=" " ind2=" " tag="580"><subfield code="a">Published Nov. 11, 1893-Oct. 25, 1916 also in a daily ed. called: Evening item (Richmond, Ind. : 1893).</subfield></datafield><datafield ind1=" " ind2=" " tag="752"><subfield code="a">United States</subfield><subfield code="b">Indiana</subfield><subfield code="c">Wayne</subfield><subfield code="d">Richmond.</subfield></datafield><datafield ind1="1" ind2=" " tag="775"><subfield code="t">Evening item (Richmond, Ind. : 1893)</subfield><subfield code="w">(DLC)sn 87056091</subfield></datafield><datafield ind1="1" ind2=" " tag="775"><subfield code="t">Richmond evening item (Richmond, Ind. : 1891)</subfield><subfield code="w">(DLC)sn 87056082</subfield></datafield></record>